%% LaTeX2e file `references.bib'
%% generated by the `filecontents' environment
%% from source `Assignment_1' on 2023/08/14.
%%
        @book{casey2011digital,
          title={Digital Evidence and Computer Crime: Forensic Science, Computers, and the Internet},
          author={Casey, Eoghan and Dietrich, Eugene},
          year={2011},
          publisher={Academic Press}
        }

        @book{carrier2014file,
          title={File System Forensic Analysis},
          author={Carrier, Brian},
          year={2014},
          publisher={Addison-Wesley}
        }

        @book{quick2019mobile,
          title={Mobile Forensic Investigations: A Guide to Evidence Collection, Analysis, and Presentation},
          author={Quick, Lee},
          year={2019},
          publisher={Elsevier}
        }
        
